%YAML 1.1
%TAG !u! tag:unity3d.com,2011:
--- !u!1001 &804411705643990221
PrefabInstance:
  m_ObjectHideFlags: 0
  serializedVersion: 2
  m_Modification:
    serializedVersion: 3
    m_TransformParent: {fileID: 292931664726320563}
    m_Modifications:
    - target: {fileID: 4589716710238282922, guid: c4e141bc61e807b4b832b850d92f5fd7,
        type: 3}
      propertyPath: m_Name
      value: Selected
      objectReference: {fileID: 0}
    - target: {fileID: 4589716710238282922, guid: c4e141bc61e807b4b832b850d92f5fd7,
        type: 3}
      propertyPath: m_IsActive
      value: 1
      objectReference: {fileID: 0}
    - target: {fileID: 4589716710238282923, guid: c4e141bc61e807b4b832b850d92f5fd7,
        type: 3}
      propertyPath: m_LocalScale.x
      value: 1.01
      objectReference: {fileID: 0}
    - target: {fileID: 4589716710238282923, guid: c4e141bc61e807b4b832b850d92f5fd7,
        type: 3}
      propertyPath: m_LocalScale.y
      value: 1.01
      objectReference: {fileID: 0}
    - target: {fileID: 4589716710238282923, guid: c4e141bc61e807b4b832b850d92f5fd7,
        type: 3}
      propertyPath: m_LocalScale.z
      value: 1.01
      objectReference: {fileID: 0}
    - target: {fileID: 4589716710238282923, guid: c4e141bc61e807b4b832b850d92f5fd7,
        type: 3}
      propertyPath: m_LocalPosition.x
      value: 0
      objectReference: {fileID: 0}
    - target: {fileID: 4589716710238282923, guid: c4e141bc61e807b4b832b850d92f5fd7,
        type: 3}
      propertyPath: m_LocalPosition.y
      value: 0
      objectReference: {fileID: 0}
    - target: {fileID: 4589716710238282923, guid: c4e141bc61e807b4b832b850d92f5fd7,
        type: 3}
      propertyPath: m_LocalPosition.z
      value: 0
      objectReference: {fileID: 0}
    - target: {fileID: 4589716710238282923, guid: c4e141bc61e807b4b832b850d92f5fd7,
        type: 3}
      propertyPath: m_LocalRotation.w
      value: 1
      objectReference: {fileID: 0}
    - target: {fileID: 4589716710238282923, guid: c4e141bc61e807b4b832b850d92f5fd7,
        type: 3}
      propertyPath: m_LocalRotation.x
      value: 0
      objectReference: {fileID: 0}
    - target: {fileID: 4589716710238282923, guid: c4e141bc61e807b4b832b850d92f5fd7,
        type: 3}
      propertyPath: m_LocalRotation.y
      value: 0
      objectReference: {fileID: 0}
    - target: {fileID: 4589716710238282923, guid: c4e141bc61e807b4b832b850d92f5fd7,
        type: 3}
      propertyPath: m_LocalRotation.z
      value: 0
      objectReference: {fileID: 0}
    - target: {fileID: 4589716710238282923, guid: c4e141bc61e807b4b832b850d92f5fd7,
        type: 3}
      propertyPath: m_LocalEulerAnglesHint.x
      value: 0
      objectReference: {fileID: 0}
    - target: {fileID: 4589716710238282923, guid: c4e141bc61e807b4b832b850d92f5fd7,
        type: 3}
      propertyPath: m_LocalEulerAnglesHint.y
      value: 0
      objectReference: {fileID: 0}
    - target: {fileID: 4589716710238282923, guid: c4e141bc61e807b4b832b850d92f5fd7,
        type: 3}
      propertyPath: m_LocalEulerAnglesHint.z
      value: 0
      objectReference: {fileID: 0}
    - target: {fileID: 4589716710238282923, guid: c4e141bc61e807b4b832b850d92f5fd7,
        type: 3}
      propertyPath: m_ConstrainProportionsScale
      value: 1
      objectReference: {fileID: 0}
    - target: {fileID: 7880980075579474333, guid: c4e141bc61e807b4b832b850d92f5fd7,
        type: 3}
      propertyPath: m_IsActive
      value: 0
      objectReference: {fileID: 0}
    - target: {fileID: 8529292057493577800, guid: c4e141bc61e807b4b832b850d92f5fd7,
        type: 3}
      propertyPath: m_Materials.Array.data[0]
      value: 
      objectReference: {fileID: 2100000, guid: 1a0afd856a35421469b28b916116fd9c, type: 2}
    m_RemovedComponents: []
    m_RemovedGameObjects: []
    m_AddedGameObjects: []
    m_AddedComponents:
    - targetCorrespondingSourceObject: {fileID: 4589716710238282922, guid: c4e141bc61e807b4b832b850d92f5fd7,
        type: 3}
      insertIndex: -1
      addedObject: {fileID: 5580767580909635918}
  m_SourcePrefab: {fileID: 100100000, guid: c4e141bc61e807b4b832b850d92f5fd7, type: 3}
--- !u!4 &3789826541081204838 stripped
Transform:
  m_CorrespondingSourceObject: {fileID: 4589716710238282923, guid: c4e141bc61e807b4b832b850d92f5fd7,
    type: 3}
  m_PrefabInstance: {fileID: 804411705643990221}
  m_PrefabAsset: {fileID: 0}
--- !u!1 &3789826541081204839 stripped
GameObject:
  m_CorrespondingSourceObject: {fileID: 4589716710238282922, guid: c4e141bc61e807b4b832b850d92f5fd7,
    type: 3}
  m_PrefabInstance: {fileID: 804411705643990221}
  m_PrefabAsset: {fileID: 0}
--- !u!114 &5580767580909635918
MonoBehaviour:
  m_ObjectHideFlags: 0
  m_CorrespondingSourceObject: {fileID: 0}
  m_PrefabInstance: {fileID: 0}
  m_PrefabAsset: {fileID: 0}
  m_GameObject: {fileID: 3789826541081204839}
  m_Enabled: 1
  m_EditorHideFlags: 0
  m_Script: {fileID: 11500000, guid: e432a98eda3693d4fb817cb2bc51dad9, type: 3}
  m_Name: 
  m_EditorClassIdentifier: 
  baseCounter: {fileID: 2676826829105532116}
  visualGameObjectArray:
  - {fileID: 7383376370502204752}
--- !u!1 &7383376370502204752 stripped
GameObject:
  m_CorrespondingSourceObject: {fileID: 7880980075579474333, guid: c4e141bc61e807b4b832b850d92f5fd7,
    type: 3}
  m_PrefabInstance: {fileID: 804411705643990221}
  m_PrefabAsset: {fileID: 0}
--- !u!1001 &2552385864516557689
PrefabInstance:
  m_ObjectHideFlags: 0
  serializedVersion: 2
  m_Modification:
    serializedVersion: 3
    m_TransformParent: {fileID: 292931664726320563}
    m_Modifications:
    - target: {fileID: 4589716710238282922, guid: c4e141bc61e807b4b832b850d92f5fd7,
        type: 3}
      propertyPath: m_Name
      value: TrashCounter_Visual
      objectReference: {fileID: 0}
    - target: {fileID: 4589716710238282923, guid: c4e141bc61e807b4b832b850d92f5fd7,
        type: 3}
      propertyPath: m_LocalPosition.x
      value: 0
      objectReference: {fileID: 0}
    - target: {fileID: 4589716710238282923, guid: c4e141bc61e807b4b832b850d92f5fd7,
        type: 3}
      propertyPath: m_LocalPosition.y
      value: 0
      objectReference: {fileID: 0}
    - target: {fileID: 4589716710238282923, guid: c4e141bc61e807b4b832b850d92f5fd7,
        type: 3}
      propertyPath: m_LocalPosition.z
      value: 0
      objectReference: {fileID: 0}
    - target: {fileID: 4589716710238282923, guid: c4e141bc61e807b4b832b850d92f5fd7,
        type: 3}
      propertyPath: m_LocalRotation.w
      value: 1
      objectReference: {fileID: 0}
    - target: {fileID: 4589716710238282923, guid: c4e141bc61e807b4b832b850d92f5fd7,
        type: 3}
      propertyPath: m_LocalRotation.x
      value: 0
      objectReference: {fileID: 0}
    - target: {fileID: 4589716710238282923, guid: c4e141bc61e807b4b832b850d92f5fd7,
        type: 3}
      propertyPath: m_LocalRotation.y
      value: 0
      objectReference: {fileID: 0}
    - target: {fileID: 4589716710238282923, guid: c4e141bc61e807b4b832b850d92f5fd7,
        type: 3}
      propertyPath: m_LocalRotation.z
      value: 0
      objectReference: {fileID: 0}
    - target: {fileID: 4589716710238282923, guid: c4e141bc61e807b4b832b850d92f5fd7,
        type: 3}
      propertyPath: m_LocalEulerAnglesHint.x
      value: 0
      objectReference: {fileID: 0}
    - target: {fileID: 4589716710238282923, guid: c4e141bc61e807b4b832b850d92f5fd7,
        type: 3}
      propertyPath: m_LocalEulerAnglesHint.y
      value: 0
      objectReference: {fileID: 0}
    - target: {fileID: 4589716710238282923, guid: c4e141bc61e807b4b832b850d92f5fd7,
        type: 3}
      propertyPath: m_LocalEulerAnglesHint.z
      value: 0
      objectReference: {fileID: 0}
    m_RemovedComponents: []
    m_RemovedGameObjects: []
    m_AddedGameObjects: []
    m_AddedComponents: []
  m_SourcePrefab: {fileID: 100100000, guid: c4e141bc61e807b4b832b850d92f5fd7, type: 3}
--- !u!4 &2078998832797040594 stripped
Transform:
  m_CorrespondingSourceObject: {fileID: 4589716710238282923, guid: c4e141bc61e807b4b832b850d92f5fd7,
    type: 3}
  m_PrefabInstance: {fileID: 2552385864516557689}
  m_PrefabAsset: {fileID: 0}
--- !u!1001 &4597062317627107109
PrefabInstance:
  m_ObjectHideFlags: 0
  serializedVersion: 2
  m_Modification:
    serializedVersion: 3
    m_TransformParent: {fileID: 0}
    m_Modifications:
    - target: {fileID: 4313524983696884374, guid: a71fe1dba197efd41a7cfb7834c024a7,
        type: 3}
      propertyPath: m_LocalPosition.x
      value: 0
      objectReference: {fileID: 0}
    - target: {fileID: 4313524983696884374, guid: a71fe1dba197efd41a7cfb7834c024a7,
        type: 3}
      propertyPath: m_LocalPosition.y
      value: 0
      objectReference: {fileID: 0}
    - target: {fileID: 4313524983696884374, guid: a71fe1dba197efd41a7cfb7834c024a7,
        type: 3}
      propertyPath: m_LocalPosition.z
      value: 0
      objectReference: {fileID: 0}
    - target: {fileID: 4313524983696884374, guid: a71fe1dba197efd41a7cfb7834c024a7,
        type: 3}
      propertyPath: m_LocalRotation.w
      value: 0
      objectReference: {fileID: 0}
    - target: {fileID: 4313524983696884374, guid: a71fe1dba197efd41a7cfb7834c024a7,
        type: 3}
      propertyPath: m_LocalRotation.x
      value: 0
      objectReference: {fileID: 0}
    - target: {fileID: 4313524983696884374, guid: a71fe1dba197efd41a7cfb7834c024a7,
        type: 3}
      propertyPath: m_LocalRotation.y
      value: 1
      objectReference: {fileID: 0}
    - target: {fileID: 4313524983696884374, guid: a71fe1dba197efd41a7cfb7834c024a7,
        type: 3}
      propertyPath: m_LocalRotation.z
      value: 0
      objectReference: {fileID: 0}
    - target: {fileID: 4313524983696884374, guid: a71fe1dba197efd41a7cfb7834c024a7,
        type: 3}
      propertyPath: m_LocalEulerAnglesHint.x
      value: 0
      objectReference: {fileID: 0}
    - target: {fileID: 4313524983696884374, guid: a71fe1dba197efd41a7cfb7834c024a7,
        type: 3}
      propertyPath: m_LocalEulerAnglesHint.y
      value: 180
      objectReference: {fileID: 0}
    - target: {fileID: 4313524983696884374, guid: a71fe1dba197efd41a7cfb7834c024a7,
        type: 3}
      propertyPath: m_LocalEulerAnglesHint.z
      value: 0
      objectReference: {fileID: 0}
    - target: {fileID: 8648961186411751378, guid: a71fe1dba197efd41a7cfb7834c024a7,
        type: 3}
      propertyPath: m_Name
      value: TrashCounter
      objectReference: {fileID: 0}
    m_RemovedComponents: []
    m_RemovedGameObjects: []
    m_AddedGameObjects:
    - targetCorrespondingSourceObject: {fileID: 4313524983696884374, guid: a71fe1dba197efd41a7cfb7834c024a7,
        type: 3}
      insertIndex: -1
      addedObject: {fileID: 2078998832797040594}
    - targetCorrespondingSourceObject: {fileID: 4313524983696884374, guid: a71fe1dba197efd41a7cfb7834c024a7,
        type: 3}
      insertIndex: -1
      addedObject: {fileID: 3789826541081204838}
    m_AddedComponents:
    - targetCorrespondingSourceObject: {fileID: 8648961186411751378, guid: a71fe1dba197efd41a7cfb7834c024a7,
        type: 3}
      insertIndex: -1
      addedObject: {fileID: 2676826829105532116}
  m_SourcePrefab: {fileID: 100100000, guid: a71fe1dba197efd41a7cfb7834c024a7, type: 3}
--- !u!4 &292931664726320563 stripped
Transform:
  m_CorrespondingSourceObject: {fileID: 4313524983696884374, guid: a71fe1dba197efd41a7cfb7834c024a7,
    type: 3}
  m_PrefabInstance: {fileID: 4597062317627107109}
  m_PrefabAsset: {fileID: 0}
--- !u!1 &5173302872725111031 stripped
GameObject:
  m_CorrespondingSourceObject: {fileID: 8648961186411751378, guid: a71fe1dba197efd41a7cfb7834c024a7,
    type: 3}
  m_PrefabInstance: {fileID: 4597062317627107109}
  m_PrefabAsset: {fileID: 0}
--- !u!114 &2676826829105532116
MonoBehaviour:
  m_ObjectHideFlags: 0
  m_CorrespondingSourceObject: {fileID: 0}
  m_PrefabInstance: {fileID: 0}
  m_PrefabAsset: {fileID: 0}
  m_GameObject: {fileID: 5173302872725111031}
  m_Enabled: 1
  m_EditorHideFlags: 0
  m_Script: {fileID: 11500000, guid: fdc874fa85a0ac540847362a6f253458, type: 3}
  m_Name: 
  m_EditorClassIdentifier: 
  counterTopPoint: {fileID: 7862122516781038316}
--- !u!4 &7862122516781038316 stripped
Transform:
  m_CorrespondingSourceObject: {fileID: 5969474114139332041, guid: a71fe1dba197efd41a7cfb7834c024a7,
    type: 3}
  m_PrefabInstance: {fileID: 4597062317627107109}
  m_PrefabAsset: {fileID: 0}
